<record xmlns="http://www.loc.gov/MARC21/slim" xmlns:xsi="http://www.w3.org/2001/XMLSchema-instance" xsi:schemaLocation="http://www.loc.gov/MARC21/slim http://www.loc.gov/standards/marcxml/schema/MARC21slim.xsd"><leader>02101nam a2200421   4500</leader><controlfield tag="001">001683087</controlfield><controlfield tag="003">NNU</controlfield><controlfield tag="006">m        d        </controlfield><controlfield tag="007">cr cn |||m|||a</controlfield><controlfield tag="008">150222r19681901iq      o     000 0 arax</controlfield><datafield ind1=" " ind2=" " tag="040"><subfield code="a">NNU</subfield><subfield code="b">eng</subfield><subfield code="e">rda</subfield><subfield code="c">NNU</subfield></datafield><datafield ind1=" " ind2="4" tag="050"><subfield code="a">PJ7696.T3</subfield><subfield code="b">A6</subfield></datafield><datafield ind1="0" ind2=" " tag="100"><subfield code="6">880-01</subfield><subfield code="a">T&#803;arafah ibn al-&#699;Abd.</subfield></datafield><datafield ind1="1" ind2="0" tag="245"><subfield code="6">880-02</subfield><subfield code="a">Di&#772;wa&#772;n /</subfield><subfield code="c">T&#803;arafah ibn al-&#699;Abd al-Bakri&#772;, ma&#699;a sharh&#803; Yu&#772;suf al-A&#699;lam al-Shantamari&#772;.</subfield></datafield><datafield ind1=" " ind2=" " tag="260"><subfield code="6">880-03</subfield><subfield code="a">[Baghda&#772;d],</subfield><subfield code="b">[Maktabat al-Muthanna&#769;],</subfield><subfield code="c">[1968?]</subfield></datafield><datafield ind1=" " ind2=" " tag="300"><subfield code="a">online resource (169, 37, xvi pages)</subfield></datafield><datafield ind1=" " ind2=" " tag="336"><subfield code="a">text</subfield><subfield code="2">rdacontent</subfield></datafield><datafield ind1=" " ind2=" " tag="337"><subfield code="a">computer</subfield><subfield code="2">rdamedia</subfield></datafield><datafield ind1=" " ind2=" " tag="338"><subfield code="a">online resource</subfield><subfield code="2">rdacarrier</subfield></datafield><datafield ind1=" " ind2=" " tag="500"><subfield code="a">In Arabic.</subfield></datafield><datafield ind1=" " ind2=" " tag="500"><subfield code="a">Cover title.</subfield></datafield><datafield ind1=" " ind2=" " tag="500"><subfield code="a">Added cover title: Di&#770;wa&#770;n de Tarafa ibn al-Abd al-Bakri&#770;.</subfield></datafield><datafield ind1=" " ind2=" " tag="500"><subfield code="a">Reprint of the Arabic text of the ed. prepared by M. Seligsohn, and published in Paris, 1901.</subfield></datafield><datafield ind1=" " ind2=" " tag="500"><subfield code="a">Part of the Arabic Collections Online (ACO) project, contributed by New York Univeristy Libraries.</subfield></datafield><datafield ind1=" " ind2=" " tag="533"><subfield code="a">Electronic reproduction.</subfield><subfield code="b">New York, N.Y. :</subfield><subfield code="c">New York University,</subfield><subfield code="d">2015.</subfield><subfield code="5">NNU</subfield></datafield><datafield ind1="1" ind2=" " tag="700"><subfield code="6">880-04</subfield><subfield code="a">A&#699;lam al-Shantamari&#772;, Yu&#772;suf ibn Sulayma&#772;n,</subfield><subfield code="d">1019 or 1020-1083 or 1084.</subfield></datafield><datafield ind1="1" ind2=" " tag="700"><subfield code="a">Seligsohn, Max,</subfield><subfield code="d">1865-</subfield></datafield><datafield ind1="2" ind2=" " tag="710"><subfield code="a">New York University.</subfield><subfield code="b">Libraries.</subfield></datafield><datafield ind1="0" ind2=" " tag="730"><subfield code="a">Arabic Collections Online.</subfield></datafield><datafield ind1="0" ind2="8" tag="776"><subfield code="i">Online version:</subfield><subfield code="a">T&#803;arafah ibn al-&#699;Abd.</subfield><subfield code="t">Di&#772;wa&#772;n.</subfield><subfield code="d">[Baghda&#772;d, Maktabat al-Muthanna&#769;, 1968?]</subfield><subfield code="w">(OCoLC)615595555</subfield></datafield><datafield ind1="0" ind2="8" tag="776"><subfield code="i">Print version:</subfield><subfield code="a">T&#803;arafah ibn al-&#699;Abd.</subfield><subfield code="t">Di&#772;wa&#772;n</subfield><subfield code="w">(NNU)001683087</subfield><subfield code="w">(DLC)   74961269</subfield></datafield><datafield ind1="4" ind2="0" tag="856"><subfield code="u">http://hdl.handle.net/2333.1/9zw3r3vs</subfield></datafield><datafield ind1="0" ind2=" " tag="880"><subfield code="6">100-01/</subfield><subfield code="a">&#1591;&#1585;&#1601;&#1577; &#1576;&#1606; &#1575;&#1604;&#1593;&#1576;&#1583;.</subfield></datafield><datafield ind1="1" ind2="0" tag="880"><subfield code="6">245-02/</subfield><subfield code="a">&#1583;&#1610;&#1608;&#1575;&#1606; /</subfield><subfield code="c">&#1591;&#1585;&#1601;&#1577; &#1576;&#1606; &#1575;&#1604;&#1593;&#1576;&#1583; &#1575;&#1604;&#1576;&#1603;&#1585;&#1610;&#1548; &#1605;&#1593; &#1588;&#1585;&#1581; &#1610;&#1608;&#1587;&#1601; &#1575;&#1604;&#1575;&#1593;&#1604;&#1605; &#1575;&#1604;&#1588;&#1606;&#1578;&#1605;&#1585;&#1610;.</subfield></datafield><datafield ind1=" " ind2=" " tag="880"><subfield code="6">260-03/</subfield><subfield code="a">[&#1576;&#1594;&#1583;&#1575;&#1583;]&#1548;</subfield><subfield code="b">[&#1605;&#1603;&#1578;&#1576;&#1577; &#1575;&#1604;&#1605;&#1579;&#1606;&#1609;]&#1548;</subfield><subfield code="c">[1968?]</subfield></datafield><datafield ind1="1" ind2=" " tag="880"><subfield code="6">700-04/</subfield><subfield code="a">&#1575;&#1593;&#1604;&#1605; &#1575;&#1604;&#1588;&#1606;&#1578;&#1605;&#1585;&#1610;&#1548; &#1610;&#1608;&#1587;&#1601; &#1576;&#1606; &#1587;&#1604;&#1610;&#1605;&#1575;&#1606;&#1548;</subfield><subfield code="d">1019 or 1020-1083 or 1084.</subfield></datafield><datafield ind1=" " ind2=" " tag="959"><subfield code="a">NNU</subfield><subfield code="b">WEB</subfield><subfield code="c">GENI</subfield><subfield code="t">0</subfield><subfield code="m">Electronic access</subfield><subfield code="s">01</subfield></datafield><datafield ind1=" " ind2=" " tag="999"><subfield code="i">NNU_001683087</subfield><subfield code="s">nyu_aco000320</subfield><subfield code="e">(ERROR-880)</subfield></datafield></record>